<?xml version="1.0" encoding="UTF-8"?><collection xmlns="http://www.loc.gov/MARC21/slim"><record><leader>00416nam--2200133-i-4500</leader><controlfield tag="001">000030973</controlfield><controlfield tag="002">20161230</controlfield><controlfield tag="005">20161230201038</controlfield><controlfield tag="008">060222s1000------------r-----000-0-eng-d</controlfield><datafield ind1=" " ind2=" " tag="100"><subfield code="a">Livovschi, Leon</subfield></datafield><datafield ind1=" " ind2=" " tag="245"><subfield code="a">Automate finite cu elemente logice pneumatice si hidraulice</subfield></datafield><datafield ind1=" " ind2=" " tag="260"><subfield code="a">Bucuresti, Editura Acad.Rpr., 1963. 52p. Lito</subfield></datafield><datafield ind1=" " ind2=" " tag="490"><subfield code="a">Monografii Asupra Teoriei Algebrice A Mecanismelor Automate</subfield></datafield><datafield ind1=" " ind2=" " tag="852"><subfield code="a">9172</subfield></datafield></record></collection>